@book{roy2014finish,
  title={Finish your film! Tips and tricks for making an animated short in maya},
  author={Roy, Kenny},
  year={2014},
  publisher={Routledge}
}

@manual{blendDoc,
  title = {Blender 2.80 Manual},
  organization = {Blender Foundation},
  Url = {https://docs.blender.org/manual/en/2.80/animation/introduction.html#rigging}
}

@manual{blendWiki,
  title = {Blender Code Documentation},
  organization = {Blender Foundation},
  Url = {https://wiki.blender.org/wiki/Source}
}

@misc{BlendTut,
  title = {Blender Fundamentals 2.8},
  organization = {Blender Foundation},
  month = {7},
  year = {2019},
  Url = {https://www.youtube.com/watch?v=-gIL6VZ-bkE&list=PLa1F2ddGya_-UvuAqHAksYnB0qL9yWDO6&index=28},
  note = {[Consultato il 24 Ottobre 2019]}
}

@manual{blendApi,
  title = {Blender 2.80 Python API},
  organization = {Blender Foundation},
  Url = {https://docs.blender.org/api/current/mathutils.html}
}

@misc{nat2012rig,
  title = {Humane Rigging},
  author = {Nathan Vegdahl},
  organization = {Blender Foundation},
  year = {2012},
  Url = {https://www.youtube.com/playlist?list=PLE211C8C41F1AFBAB},
  note = {[Consultato il 1 Novembre 2019]}
}

@misc{anticz16,
  title = {What is Gimbal Lock and why does it occur?},
  Url = {https://web.archive.org/web/20160624170903/http://www.anticz.com/eularqua.htm},
  note = {[Consultato l' 8 Novembre 2019 (archiviato dall'url originale il 24 giugno 2016)]}
}

@book{Parent:2012:CAA:2385444,
 author = {Parent, Rick},
 title = {Computer Animation: Algorithms and Techniques},
 year = {2012},
 isbn = {9780124158429, 9780124159730},
 edition = {3},
 publisher = {Morgan Kaufmann Publishers Inc.},
 address = {San Francisco, CA, USA},
} 

@misc{hardSurf,
 author = {Thomas, Denham},
 title = {What is 3D Hard Surface \& Organic Modeling?},
 Url = {https://conceptartempire.com/hard-surface-organic-modeling/},
 note = {[Consultato il 17 Ottobre 2019]}
}

@misc{3Dsculpt,
 author = {Claire, Heginbotham},
 title = {What is 3D Digital Sculpting?},
 Url = {https://conceptartempire.com/what-is-3d-sculpting/},
 note = {[Consultato il 17 Ottobre 2019]}
}

@misc{lightArt,
 author = {Thomas, Tanner},
 title = {What is a 3D Lighting Artist? (A Beginnerâ€™s Guide On What They Do)},
 Url = {https://conceptartempire.com/lighting-artist/},
 note = {[Consultato il 17 Ottobre 2019]}
}
